@MISC{bastien2012theano,
        author = {Bastien, Fr{\'{e}}d{\'{e}}ric and Lamblin, Pascal and Pascanu, Razvan and Bergstra, James and Goodfellow, Ian J. and Bergeron, Arnaud and Bouchard, Nicolas and Bengio, Yoshua},
         title = {Theano: new features and speed improvements},
          year = {2012},
  howpublished = {Deep Learning and Unsupervised Feature Learning NIPS 2012 Workshop},
      abstract = {Theano is a linear algebra compiler that optimizes a user’s symbolically-speciﬁed
mathematical computations to produce efﬁcient low-level implementations. In
this paper, we present new features and efﬁciency improvements to Theano, and
benchmarks demonstrating Theano’s performance relative to Torch7, a recently
introduced machine learning library, and to RNNLM, a C++ library targeted at
recurrent neural networks.}
}

@inproceedings{baumann2009assessing,
  title={Assessing and improving the performance of speech recognition for incremental systems},
  author={Baumann, Timo and Atterer, Michaela and Schlangen, David},
  booktitle={Proceedings of Human Language Technologies: The 2009 Annual Conference of the North American Chapter of the Association for Computational Linguistics},
  pages={380--388},
  year={2009},
  organization={Association for Computational Linguistics}
}

@incollection{bottou2010large,
  title={Large-scale machine learning with stochastic gradient descent},
  author={Bottou, L{\'e}on},
  booktitle={Proceedings of COMPSTAT'2010},
  pages={177--186},
  year={2010},
  publisher={Springer}
}

@article{chung2015gated,
  title={Gated Feedback Recurrent Neural Networks},
  author={Chung, Junyoung and Gulcehre, Caglar and Cho, Kyunghyun and Bengio, Yoshua},
  journal={arXiv preprint arXiv:1502.02367},
  year={2015}
}


@article{graves2005framewise,
  title={Framewise phoneme classification with bidirectional LSTM and other neural network architectures},
  author={Graves, Alex and Schmidhuber, J{\"u}rgen},
  journal={Neural Networks},
  volume={18},
  number={5},
  pages={602--610},
  year={2005},
  publisher={Elsevier}
}

@article{graves2013generating,
  title={Generating sequences with recurrent neural networks},
  author={Graves, Alex},
  journal={arXiv preprint arXiv:1308.0850},
  year={2013}
}

@article{gulccehre2013knowledge,
  title={Knowledge matters: Importance of prior information for optimization},
  author={G{\"u}l{\c{c}}ehre, {\c{C}}a{\u{g}}lar and Bengio, Yoshua},
  journal={arXiv preprint arXiv:1301.4083},
  year={2013}
}

@article{hinton2012improving,
  title={Improving neural networks by preventing co-adaptation of feature detectors},
  author={Hinton, Geoffrey E and Srivastava, Nitish and Krizhevsky, Alex and Sutskever, Ilya and Salakhutdinov, Ruslan R},
  journal={arXiv preprint arXiv:1207.0580},
  year={2012}
}

@inproceedings{henderson2013deep,
                        author = { Henderson, M. and  Thomson, B. and Young, S. J.},
                        booktitle = {Proceedings of SIGdial},
                        title = {{Deep Neural Network Approach for the Dialog State Tracking Challenge}},
                        year = {2013}
}


@inproceedings{henderson2014second,
  title={The second dialog state tracking challenge},
  author={Henderson, Matthew and Thomson, Blaise and Williams, Jason},
  booktitle={15th Annual Meeting of the Special Interest Group on Discourse and Dialogue},
  pages={263},
  year={2014}
}

@inproceedings{henderson2014word,
                        author = { Henderson, M. and  Thomson, B. and Young, S. J.},
                        booktitle = {Proceedings of SIGdial},
                        title = {{Word-based Dialog State Tracking with Recurrent Neural Networks}},
                        year = {2014}
}




@article{hochreiter1997long,
  title={Long short-term memory},
  author={Hochreiter, Sepp and Schmidhuber, J{\"u}rgen},
  journal={Neural computation},
  volume={9},
  number={8},
  pages={1735--1780},
  year={1997},
  publisher={MIT Press}
}

@inproceedings{jurvcivcek2014factored,
  title={A Factored Discriminative Spoken Language Understanding for Spoken Dialogue Systems},
  author={Jur{\v{c}}{\'\i}{\v{c}}ek, Filip and Du{\v{s}}ek, Ond{\v{r}}ej and Pl{\'a}tek, Ond{\v{r}}ej},
  booktitle={Text, Speech and Dialogue},
  pages={579--586},
  year={2014},
  organization={Springer}
}

@article{kim2014convolutional,
  title={Convolutional neural networks for sentence classification},
  author={Kim, Yoon},
  journal={arXiv preprint arXiv:1408.5882},
  year={2014}
}

@inproceedings{lee2014optimizing,
  title={Optimizing Generative Dialog State Tracker via Cascading Gradient Descent},
  author={Lee, Byung-Jun and Lim, Woosang and Kim, Daejoong and Kim, Kee-Eung},
  booktitle={15th Annual Meeting of the Special Interest Group on Discourse and Dialogue},
  pages={273},
  year={2014}
}

@article{mikolov2013efficient,
  title={Efficient estimation of word representations in vector space},
  author={Mikolov, Tomas and Chen, Kai and Corrado, Greg and Dean, Jeffrey},
  journal={arXiv preprint arXiv:1301.3781},
  year={2013}
}

@article{mikolov2014learning,
  title={Learning Longer Memory in Recurrent Neural Networks},
  author={Mikolov, Tomas and Joulin, Armand and Chopra, Sumit and Mathieu, Michael and Ranzato, Marc'Aurelio},
  journal={arXiv preprint arXiv:1412.7753},
  year={2014}
}


@inproceedings{platek2014free,
  title={Free on-line speech recogniser based on Kaldi ASR toolkit producing word posterior lattices},
  author={Pl{\'a}tek, Ondrej and Jurc{\i}cek, Filip},
  booktitle={15th Annual Meeting of the Special Interest Group on Discourse and Dialogue},
  pages={108},
  year={2014}
}

@book{rubinstein2004cross,
  title={The cross-entropy method: a unified approach to combinatorial optimization, Monte-Carlo simulation and machine learning},
  author={Rubinstein, Reuven Y and Kroese, Dirk P},
  year={2004},
  publisher={Springer Science \& Business Media}
}

@inproceedings{schlangen2009general,
  title={A general, abstract model of incremental dialogue processing},
  author={Schlangen, David and Skantze, Gabriel},
  booktitle={Proceedings of the 12th Conference of the European Chapter of the Association for Computational Linguistics},
  pages={710--718},
  year={2009},
  organization={Association for Computational Linguistics}
}

@inproceedings{skantze2004robust,
  title={Robust interpretation in the Higgins spoken dialogue system},
  author={Skantze, Gabriel and Edlund, Jens},
  booktitle={COST278 and ISCA Tutorial and Research Workshop (ITRW) on Robustness Issues in Conversational Interaction},
  year={2004}
}

@incollection{skantze2008galatea,
  title={Galatea: A discourse modeller supporting concept-level error handling in spoken dialogue systems},
  author={Skantze, Gabriel},
  booktitle={Recent Trends in Discourse and Dialogue},
  pages={155--189},
  year={2008},
  publisher={Springer}
}

@inproceedings{skantze2009incremental,
  title={Incremental dialogue processing in a micro-domain},
  author={Skantze, Gabriel and Schlangen, David},
  booktitle={Proceedings of the 12th Conference of the European Chapter of the Association for Computational Linguistics},
  pages={745--753},
  year={2009},
  organization={Association for Computational Linguistics}
}

@inproceedings{smith2014comparative,
  title={Comparative Error Analysis of Dialog State Tracking},
  author={Smith, Ronnie W},
  booktitle={15th Annual Meeting of the Special Interest Group on Discourse and Dialogue},
  pages={300},
  year={2014}
}

@article{sonderby2014protein,
  title={Protein Secondary Structure Prediction with Long Short Term Memory Networks},
  author={S{\o}nderby, S{\o}ren Kaae and Winther, Ole},
  journal={arXiv preprint arXiv:1412.7828},
  year={2014}
}

@article{stratosspectral,
  title={A Spectral Algorithm for Learning Class-Based n-gram Models of Natural Language},
  author={Stratos, Karl and Kim, Do-kyum and Collins, Michael and Hsu, Daniel}
}

@inproceedings{sutskever2014sequence,
  title={Sequence to sequence learning with neural networks},
  author={Sutskever, Ilya and Vinyals, Oriol and Le, Quoc VV},
  booktitle={Advances in Neural Information Processing Systems},
  pages={3104--3112},
  year={2014}
}

@inproceedings{sun2014sjtu,
  title={The SJTU System for Dialog State Tracking Challenge 2},
  author={Sun, Kai and Chen, Lu and Zhu, Su and Yu, Kai},
  booktitle={15th Annual Meeting of the Special Interest Group on Discourse and Dialogue},
  pages={318},
  year={2014}
}

@article{wang2005spoken,
  title={Spoken language understanding},
  author={Wang, Ye-Yi and Deng, Li and Acero, Alex},
  journal={Signal Processing Magazine, IEEE},
  volume={22},
  number={5},
  pages={16--31},
  year={2005},
  publisher={IEEE}
}

@inproceedings{williams2013dialog,
  title={The dialog state tracking challenge},
  author={Williams, Jason and Raux, Antoine and Ramachandran, Deepak and Black, Alan},
  booktitle={Proceedings of the SIGDIAL 2013 Conference},
  pages={404--413},
  year={2013}
}

@inproceedings{williams2014web,
  title={Web-style ranking and SLU combination for dialog state tracking},
  author={Williams, Jason D},
  booktitle={15th Annual Meeting of the Special Interest Group on Discourse and Dialogue},
  pages={282},
  year={2014}
}

@article{zaremba2014recurrent,
  title={Recurrent neural network regularization},
  author={Zaremba, Wojciech and Sutskever, Ilya and Vinyals, Oriol},
  journal={arXiv preprint arXiv:1409.2329},
  year={2014}
}

@inproceedings{zilka2013comparison,
  title={Comparison of bayesian discriminative and generative models for dialogue state tracking},
  author={Zilka, Lukas and Marek, David and Korvas, Matej and Jurcicek, Filip},
  booktitle={Proceedings of the SIGDIAL 2013 Conference},
  pages={452--456},
  year={2013}
}